


@BOOK{AISuperPowers2018,
  title = {AI Superpowers},
  publisher = {Houghton Mifflin Harcout Publishing Company},
  year = {2018},
  author = {Kai-fu Lee},
  address = {New York},
  edition = {1st},
  xisbn = {132854639X},
}

@BOOK{PredictionMachines2018,
  title = {Prediction Machines},
  publisher = {Harvard Business Review Press},
  year = {2018},
  author = {Ajay Agrawal, Joshua Gans and  Avi Goldfarb},
  address = {Boston},
  edition = {1st},
  xisbn = {1633695670},
}



@ARTICLE{AiSurvey,
  author = {Jeff Loucks, David Schatsky, Tom Davenport},
  title = {State of AI in the Enterprise, 2nd Edition},
  journal = {Deloitte Insights},
  year = {2018},
  url = {https://www2.deloitte.com/content/dam/insights/us/articles/4780_State-of-AI-in-the-enterprise/DI_State-of-AI-in-the-enterprise-2nd-ed.pdfl},
  urlaccessdate = {23 may. 2019},
}

@ARTICLE{FacialRec,
  author = {Amanda Lentino},
  title = {This Chinese facial recognition start-up can identify a person in seconds},
  journal = {CNBC},
  year = {2019},
  url = {https://www.cnbc.com/2019/05/16/this-chinese-facial-recognition-start-up-can-id-a-person-in-seconds.html},
  urlaccessdate = {23 may. 2019},
}

@MISC{Zymergen,
  author = {Lizette Chapman},
  title = {SoftBank Plows 400 Million Into Synthetic Bio Startup Zymergen},
  journal = {Bloomberg},
  year = {2019},
  url = {https://www.bloomberg.com/news/articles/2018-12-13/softbank-plows-400-million-into-synthetic-bio-startup-zymergen},
  urlaccessdate = {23 may. 2019},
}

@ARTICLE{Traffic,
  author = {Hua Wei, Guamjie Zheng, Huaxiu Yao and Zhenhui Li},
  title = {IntelliLight: A Reinforcement Learning Approach for Intelligent
Traffic Light Control},
  journal = {KDD 18: The 24th ACM SIGKDD International Conference on Knowledge
Discovery and Data Mining},
  year = {2018},
  pages = {2496-2505},
  month = { August 19 - 23},
  xpublisher = {ACM },
  xaddress = {New York, NY, USA},
  url = {https://dl.acm.org/citation.cfm?doid=3219819.3220096},
  urlaccessdate = {4 jun. 2019},
}

@ARTICLE{Resource,
  author = {Hongzi Mao, Mohammad Alizadeh, Ishai Menache and Srikanth Kandula},
  title = {Resource Management with Deep Reinforcement Learning},
  journal = {HotNets  16 Proceedings of the 15th ACM Workshop on Hot Topics in Networks},
  year = {2016},
  pages = {50-56},
  month = {November 09-10},
  xpublisher = {ACM },
  xaddress = {New York, NY, USA},
  url = {https://dl.acm.org/citation.cfm?id=3005750},
  urlaccessdate = {4 jun. 2019},
}

@ARTICLE{Chemistry,
  author = {Zhenpeng Zhou, Xiaocheng Li and Richard N.Zare},
  title = {Optimizing Chemical Reactions with Deep Reinforcement Learning},
  journal = {ACS Cent. Sci.},
  year = {2018},
  volume = {3},
  number = {12},
  pages = {1337--1344},
  month = {December 15},
  xpublisher = {American Chemical Society },
  url = {https://doi.org/10.1021/acscentsci.7b00492},
  urlaccessdate = {4 jun. 2019},
}


@MISC{RoboCup,
  title = {RoboCup},
  year = {},
  url = {https://www.robocup.org/objective},
  urlaccessdate = {4 junl. 2019},
  subtitle = {},
}

@BOOK{RFIntroduction,
  title = {Reinforcement Learning - An Introduction},
  publisher = {MIT Press},
  year = {2018},
  author = {Richard S. Sutton, Andrew G.Barto},
  address = {},
  edition = {2nd},
  xisbn = {0262039249},
}
@MISC{UCBerkley,
  title = {UC Berkley Intro to AI},
  year = {2014},
  url = {http://ai.berkeley.edu/home.html},
  urlaccessdate = {4 junl. 2019},
  subtitle = {Home site to the introduction to AI from UC Berkley},
}
@BOOK{NNs,
  title = {Neural Networks and Deep Learning},
  publisher = {Determination Press},
  year = {2015},
  author = {MIchael A. Nielsen},
  address = {},
  edition = {1st},
  xisbn = {},
}
